<record><leader>00000cas a22000007a 4500</leader><controlfield tag="001">11401513</controlfield><controlfield tag="008">841119d18941897wiuwr ne      0    0ger d</controlfield><datafield ind1=" " ind2=" " tag="010"><subfield code="a">sn 84024917 </subfield></datafield><datafield ind1=" " ind2=" " tag="040"><subfield code="a">NPV</subfield><subfield code="b">eng</subfield><subfield code="c">NPV</subfield><subfield code="d">OCLCQ</subfield></datafield><datafield ind1=" " ind2=" " tag="042"><subfield code="a">msc</subfield></datafield><datafield ind1=" " ind2=" " tag="043"><subfield code="a">n-us-wi</subfield></datafield><datafield ind1=" " ind2=" " tag="045"><subfield code="a">w9w9</subfield></datafield><datafield ind1=" " ind2=" " tag="052"><subfield code="a">4123</subfield><subfield code="b">O8</subfield></datafield><datafield ind1="0" ind2=" " tag="130"><subfield code="a">Montags-Blatt (Appleton, Wis. : 1894)</subfield></datafield><datafield ind1="1" ind2="4" tag="245"><subfield code="a">Das Montags-Blatt.</subfield></datafield><datafield ind1=" " ind2=" " tag="260"><subfield code="a">Appleton, Wis. :</subfield><subfield code="b">H.W. Meyer,</subfield><subfield code="c">1894-1897.</subfield></datafield><datafield ind1=" " ind2=" " tag="300"><subfield code="a">3 v.</subfield></datafield><datafield ind1=" " ind2=" " tag="310"><subfield code="a">Weekly</subfield></datafield><datafield ind1="0" ind2=" " tag="362"><subfield code="a">Jahrg. 4, no. 33 (15. Oct. 1894)-Jahrg. 6 No. 17 (8. Nov. 1897).</subfield></datafield><datafield ind1=" " ind2=" " tag="530"><subfield code="a">Available on microfilm from the State Historical Society of Wisconsin.</subfield></datafield><datafield ind1=" " ind2=" " tag="546"><subfield code="a">In German.</subfield></datafield><datafield ind1=" " ind2=" " tag="752"><subfield code="a">United States</subfield><subfield code="b">Wisconsin</subfield><subfield code="c">Outagamie</subfield><subfield code="d">Appleton.</subfield></datafield><datafield ind1="0" ind2="0" tag="780"><subfield code="t">Volksfreund und Haus-Schatz</subfield><subfield code="w">(DLC)sn 84024916</subfield></datafield><datafield ind1="0" ind2="0" tag="785"><subfield code="t">Montags-Blatt des "Appleton Volksfreund"</subfield><subfield code="w">(DLC)sn 84024915</subfield></datafield></record>